
@article{zang_adaptive_2022,
	title = {Adaptive {Artificial} {Intelligent} {Technique} to {Improve} {Acquisition} of {Knowledge} in the {Educational} {Environment}},
	volume = {22},
	issn = {0219-2659, 1793-6713},
	url = {https://www.worldscientific.com/doi/10.1142/S0219265921430131},
	doi = {10.1142/S0219265921430131},
	abstract = {It is now possible to make the logical thinking of humans, computer-controlled robots, and technology on the educational Environment platform by using artificial intelligence. These method-based robotic systems begin replacing human resources in all industries, which helps resolve various characteristic difficulties that include emotional skills, creative thinking, cognitive, and depletion in the educational platform. The Adaptive Artificial Intelligence Technique (AAIT) has been refined in this study to fulfill the learning objective of increased higher-order learning and skill acquisition in the Educational Environment. It enables more intelligent decision-making by taking into account all essential aspects of a company. As a result, big data plays a crucial role in today’s businesses. A powerful tool for proactive and automated management when combined with artificial intelligence (AI). Saving time and money by automating and optimizing routine tasks may be possible for your business with the right AI technology. Productivity and operational efficiencies will be increased. Use cognitive technologies to make faster business decisions. Therefore, the learning achievement model (LAM) and Risk Student Model (RSM) are established on the educational environment platform. As well as optimizing interpersonal resilience, the Learning Achievement Model is also utilized to increase innovative abilities in the Educational Platform. In the Danger Class Diagram, the Estimation Algorithm reduces the risk of learning failure, enhances cognition, and deprives the recognizing platform. Experiments and simulations are conducted to determine the reliability of the proposed framework based on the accuracy, F-Means, Sensitivity, specificity, and Performance (SSP).},
	language = {en},
	number = {Supp02},
	urldate = {2023-11-11},
	journal = {Journal of Interconnection Networks},
	author = {Zang, Juanjuan and Gowthami, J. and Anilkumar, Chunduru},
	month = apr,
	year = {2022},
	pages = {2143013},
}

@article{chaika_role_2023,
	title = {Role of {AI} in higher education},
	doi = {10.24919/2617-0825.6/214.2023},
	abstract = {The rapid advancement of Artificial Intelligence (AI) has created significant opportunities and challenges across various
sectors, and higher education is no exception. This research paper delves into the multifaceted role of AI in higher education
and explores its potential to transform teaching, learning, and administrative processes. By examining the current state of AI
integration in educational settings, this paper aims to shed light on the benefits, challenges, and ethical considerations
associated with AI adoption in higher education.
The key areas identified where AI can make a profound impact in education are in enhancing student engagement, data
collection and analysis for teaching / learning and administrative purposes. Intelligent tutoring systems and virtual assistants
can provide personalized guidance and support to students, adapting to their individual needs and learning styles. This
individualization of learning experiences has the potential to improve academic outcomes and foster a deeper understanding of
complex subjects. Furthermore, AI-powered analytics and learning management systems can collect and analyze vast amounts
of data on student performance, enabling educators to gain valuable insights into student progress and identify areas that
require intervention. This data-driven approach can facilitate early intervention strategies and help students stay on track,
reducing the likelihood of dropouts and improving overall retention rates. AI technologies also offer the potential to streamline
administrative processes within higher education institutions. Automated systems can handle routine administrative tasks, such
as registration, scheduling, and grading, freeing up valuable time for faculty and staff to focus on more meaningful and strategic
activities. Additionally, AI-powered chatbots can provide timely and accurate responses to student inquiries, improving the
overall student experience and reducing administrative burdens.
However, alongside these benefits, the integration of AI in higher education poses several challenges and ethical considerations. Privacy concerns, algorithmic biases, and the potential replacement of human interaction are among the critical issues
that need careful attention. It is crucial to ensure transparency, accountability, and fairness in the development and deployment
of AI systems to mitigate these challenges and uphold ethical standards. Through an extensive review of relevant literature, case
studies, and expert opinions, this research paper provides a comprehensive analysis of the current landscape of AI in higher
education. It offers recommendations for effective implementation strategies, emphasizing the need for collaborative partnerships
between educators, administrators, and technology developers. By embracing AI technologies in a thoughtful and ethical
manner, higher education institutions can harness the full potential of AI to enhance teaching and learning outcomes, improve
administrative efficiency, and foster a future-ready educational ecosystem.
Keywords: artificial intelligence; AI; higher education; teaching; learning; personalized learning; administrative efficiency;
institutional effectiveness; ethical considerations.},
	author = {Chaika, Oksana},
	month = oct,
	year = {2023},
	file = {Full Text PDF:/home/thorfinn/Zotero/storage/4DNM54MT/Chaika - 2023 - Role of AI in higher education.pdf:application/pdf},
}

@misc{koraishi_pdf_nodate,
	title = {({PDF}) {Teaching} {English} in the {Age} of {AI}: {Embracing} {ChatGPT} to {Optimize} {EFL} {Materials} and {Assessment}},
	url = {https://www.researchgate.net/publication/370691307_Teaching_English_in_the_Age_of_AI_Embracing_ChatGPT_to_Optimize_EFL_Materials_and_Assessment},
	abstract = {The sudden spike of artificial intelligence (AI) technologies has had and continues to 
have a transformative impact on various domains, including education. The advent of 
AI-powered large language models [LLM], such as OpenAI's ChatGPT, will 
significantly enhance the way English as a foreign language (EFL) is taught and 
learned. This article explores the versatile applications of ChatGPT as a valuable tool in 
any EFL teacher’s toolkit, specifically focusing on material development and
assessment. The demand for effective EFL teaching and learning strategies has been 
steadily on the rise for years due to globalization and the widespread adoption of 
English as the lingua franca for international communication. Consequently, the 
integration of technology in language education has become crucial in addressing the 
diverse needs of EFL learners and teachers. ChatGPT, a cutting-edge LLM, holds 
considerable promise in revolutionizing EFL education, as it combines advanced 
natural language processing capabilities with a realistic instantaneous human-like 
interaction. This article aims to provide some potential benefits of utilizing ChatGPT in 
EFL education. First, we examine how ChatGPT can be employed in material 
development, streamlining the process of creating engaging and contextually relevant 
resources tailored to the needs of individual learners, as well as other more general 
uses. Second, we explore the role of ChatGPT in text assessment, highlighting the fact 
that, unlike humans, it has the potential of offering real-time, personalized feedback on 
learners' performance, thereby enhancing the overall learning experience. It is worth 
noting that this article as well as the applications suggested in it are based on the latest 
ChatGPT 4 and not the older ChatGPT 3.5},
	urldate = {2023-11-12},
	author = {Koraishi, Osama},
	file = {(PDF) Teaching English in the Age of AI\: Embracing ChatGPT to Optimize EFL Materials and Assessment:/home/thorfinn/Zotero/storage/RX9WK3DL/370691307_Teaching_English_in_the_Age_of_AI_Embracing_ChatGPT_to_Optimize_EFL_Materials_and_Ass.html:text/html},
}

@article{schon_how_2023,
	title = {How are {AI} assistants changing higher education?},
	volume = {5},
	doi = {10.3389/fcomp.2023.1208550},
	abstract = {Context
Higher education is changing at an accelerating pace due to the widespread use of digital teaching and emerging technologies. In particular, AI assistants such as ChatGPT pose significant challenges for higher education institutions because they bring change to several areas, such as learning assessments or learning experiences.

Objective
Our objective is to discuss the impact of AI assistants in the context of higher education, outline possible changes to the context, and present recommendations for adapting to change.

Method
We review related work and develop a conceptual structure that visualizes the role of AI assistants in higher education.

Results
The conceptual structure distinguishes between humans, learning, organization, and disruptor, which guides our discussion regarding the implications of AI assistant usage in higher education. The discussion is based on evidence from related literature.

Conclusion
AI assistants will change the context of higher education in a disruptive manner, and the tipping point for this transformation has already been reached. It is in our hands to shape this transformation.},
	journal = {Frontiers in Computer Science},
	author = {Schön, Eva-Maria and Neumann, Michael and Hofmann-Stölting, Christina and Baeza-Yates, Ricardo and Rauschenberger, Maria},
	month = jul,
	year = {2023},
	file = {Full Text PDF:/home/thorfinn/Zotero/storage/TUZMLKSM/Schön et al. - 2023 - How are AI assistants changing higher education.pdf:application/pdf},
}

@book{neumann_we_2023,
	title = {"{We} {Need} {To} {Talk} {About} {ChatGPT}": {The} {Future} of {AI} and {Higher} {Education}},
	shorttitle = {"{We} {Need} {To} {Talk} {About} {ChatGPT}"},
	abstract = {On November 30th, 2022, OpenAI released the large language model ChatGPT, an extension of GPT-3. The AI chatbot provides real-time communication in response to users' requests. The quality of ChatGPT's natural speaking answers marks a major shift in how we will use AI-generated information in our day-today lives. For a software engineering student, the use cases for ChatGPT are manifold: assessment preparation, translation, and creation of specified source code, to name a few. It can even handle more complex aspects of scientific writing, such as summarizing literature and paraphrasing text. Hence, this position paper addresses the need for discussion of potential approaches for integrating ChatGPT into higher education. Therefore, we focus on articles that address the effects of ChatGPT on higher education in the areas of software engineering and scientific writing. As ChatGPT was only recently released, there have been no peer-reviewed articles on the subject. Thus, we performed a structured grey literature review using Google Scholar to identify preprints of primary studies. In total, five out of 55 preprints are used for our analysis. Furthermore, we held informal discussions and talks with other lecturers and researchers and took into account the authors' test results from using ChatGPT. We present five challenges and three opportunities for the higher education context that emerge from the release of ChatGPT. The main contribution of this paper is a proposal for how to integrate ChatGPT into higher education in four main areas.},
	author = {Neumann, Michael and Rauschenberger, Maria and Schön, Eva-Maria},
	month = mar,
	year = {2023},
	doi = {10.25968/opus-2467},
	keywords = {Not sure},
	file = {Full Text PDF:/home/thorfinn/Zotero/storage/23CTRC7J/Neumann et al. - 2023 - We Need To Talk About ChatGPT The Future of AI .pdf:application/pdf},
}
